% This file was created with JabRef 2.10.
% Encoding: MacRoman


@InProceedings{TemplateYourBoilerplate,
  Title                    = {Template Your Boilerplate: Using {T}emplate {H}askell for Efficient Generic Programming},
  Author                   = {Adams, M. D. and DuBuisson, T. M.},
  Booktitle                = {Haskell'12},
  Year                     = {2012}
}

@TechReport{Actors,
  Title                    = {Actors: A model of concurrent computation in distributed systems.},
  Author                   = {Agha, Gul A},
  Institution              = {DTIC Document},
  Year                     = {1985}
}

@InProceedings{GenericClean,
  Title                    = {A Generic Programming Extension for Clean},
  Author                   = {Alimarine, A. and Plasmeijer, M. J.},
  Booktitle                = {IFL '02},
  Year                     = {2002}
}

@TechReport{DGPPartial,
  Title                    = {Efficient Generic Functional Programming},
  Author                   = {Alimarine, A. and Smetsers, S.},
  Institution              = {Nijmegen Institute for Computing and Information Sciences, University of Nijmegen},
  Year                     = {2004},
  Number                   = {NIII-R0425},
  Type                     = {Technical report}
}

@InProceedings{Dedalus,
  Title                    = {Dedalus: Datalog in Time and Space},
  Author                   = {Alvaro, Peter and Marczak, William R. and Conway, Neil and Hellerstein, Joseph M. and Maier, David and Sears, Russell},
  Booktitle                = {Proceedings of the First International Conference on Datalog Reloaded},
  Year                     = {2010},

  Address                  = {Berlin, Heidelberg},
  Pages                    = {262--281},
  Publisher                = {Springer-Verlag},
  Series                   = {Datalog'10},

  Location                 = {Oxford, UK}
}

@Misc{Hadoop,
  Title                    = {Hadoop},

  Author                   = {Apache},
  HowPublished             = {\url{http://hadoop.apache.org/}},
  Year                     = {2015}
}

@Misc{Avro,
  Title                    = {{Avro}\textregistered},

  Author                   = {{Apache}},
  HowPublished             = {\url{http://avro.apache.org}},
  Note                     = {Accessed: 2013-08-11},
  Year                     = {2013}
}

@TechReport{appel93hashconsing,
  Title                    = {Hash-consing Garbage Collection},
  Author                   = {Andrew W. Appel and Marcelo J. R. Gon\c{c}alves},
  Institution              = {Princeton University},
  Year                     = {1993},

  Address                  = {Computer Science Department},
  Number                   = {CS-TR-412-93}
}

@InProceedings{Armbrust2009,
  Title                    = {{SCADS}: Scale-Independent Storage for Social Computing Applications},
  Author                   = {Michael Armbrust and Armando Fox and David A. Patterson and Nick Lanham and Beth Trushkowsky and Jesse Trutna and Haruki Oh},
  Booktitle                = {CIDR},
  Year                     = {2009},

  Bibdate                  = {2009-02-17}
}

@Article{Erlang,
  Title                    = {Erlang},
  Author                   = {Armstrong, Joe},
  Journal                  = {Commun. ACM},
  Year                     = {2010},

  Month                    = sep,
  Number                   = {9},
  Pages                    = {68--75},
  Volume                   = {53},

  Acmid                    = {1810910},
  Address                  = {New York, NY, USA},
  ISSN                     = {0001-0782},
  Issue_date               = {September 2010},
  Numpages                 = {8},
  Publisher                = {ACM}
}

@Article{Arvind89,
  Title                    = {{I}-Structures: Data Structures for Parallel Computing},
  Author                   = {Arvind and R. S. Nikhil and K. K. Pingali},
  Journal                  = {ACM Trans. Prog. Lang. and Sys.},
  Year                     = {1989},

  Month                    = Oct,
  Number                   = {4},
  Pages                    = {598--632},
  Volume                   = {11}
}

@Misc{GeoTrellis,
  Title                    = {{GeoTrellis}},

  Author                   = {{Azavea}},
  HowPublished             = {\url{http://www.azavea.com/products/geotrellis/}},
  Note                     = {Accessed: 2013-08-11},
  Year                     = {2010}
}

@Article{JavaSAM,
  Title                    = {Java SAM Typed Closures: A Sound and Complete Type Inference System for Nominal Types},
  Author                   = {Marco Bellia and M. Eugenia Occhiuto},
  Journal                  = {Fundamenta Informaticae},
  Year                     = {2013},

  Month                    = nov,
  Pages                    = {17--33},
  Volume                   = {128},

  Issue                    = {1-2}
}

@InProceedings{DistOCaml,
  Title                    = {Type-safe distributed programming for OCaml},
  Author                   = {Billings, John and Sewell, Peter and Shinwell, Mark and Strni{\v{s}}a, Rok},
  Booktitle                = {Proceedings of the 2006 workshop on ML},
  Year                     = {2006},
  Organization             = {ACM},
  Pages                    = {20--31}
}

@InProceedings{Thorn,
  Title                    = {Thorn: robust, concurrent, extensible scripting on the {JVM}},
  Author                   = {Bard Bloom and
 John Field and
 Nathaniel Nystrom and
 Johan {\"{O}}stlund and
 Gregor Richards and
 Rok Strnisa and
 Jan Vitek and
 Tobias Wrigstad},
  Booktitle                = {OOPSLA},
  Year                     = {2009},
  Pages                    = {117--136}
}

@InProceedings{Bocchino2009,
  Title                    = {A Type and Effect System for Deterministic Parallel Java},
  Author                   = {Bocchino,Jr., Robert L. and Adve, Vikram S. and Dig, Danny and Adve, Sarita V. and Heumann, Stephen and Komuravelli, Rakesh and Overbey, Jeffrey and Simmons, Patrick and Sung, Hyojin and Vakilian, Mohsen},
  Booktitle                = {OOPSLA},
  Year                     = {2009},

  Address                  = {New York, NY, USA},
  Pages                    = {97--116},
  Publisher                = {ACM},

  Location                 = {Orlando, Florida, USA},
  Numpages                 = {20}
}

@Article{Lineage1,
  Title                    = {Lineage retrieval for scientific data processing: a survey},
  Author                   = {Rajendra Bose and
 James Frew},
  Journal                  = {{ACM} Comput. Surv.},
  Year                     = {2005},
  Number                   = {1},
  Pages                    = {1--28},
  Volume                   = {37}
}

@InProceedings{PluggableTypes,
  Title                    = {Pluggable Type Systems},
  Author                   = {Bracha, G.},
  Booktitle                = {OOPSLA Workshop on Revival of Dynamic Languages},
  Year                     = {2004}
}

@Article{CnC,
  Title                    = {Concurrent collections},
  Author                   = {Budimli{\'c}, Zoran and Burke, Michael and Cav{\'e}, Vincent and Knobe, Kathleen and Lowney, Geoff and Newton, Ryan and Palsberg, Jens and Peixotto, David and Sarkar, Vivek and Schlimbach, Frank and others},
  Journal                  = {Scientific Programming},
  Year                     = {2010},
  Number                   = {3},
  Volume                   = {18},

  Publisher                = {IOS Press}
}

@Article{CnC10,
  Title                    = {Concurrent Collections},
  Author                   = {Zoran Budimlic and
 Michael G. Burke and
 Vincent Cav{\'e} and
 Kathleen Knobe and
 Geoff Lowney and
 Ryan Newton and
 Jens Palsberg and
 David M. Peixotto and
 Vivek Sarkar and
 Frank Schlimbach and
 Sagnak Tasirlar},
  Journal                  = {Scientific Programming},
  Year                     = {2010},
  Number                   = {3-4},
  Pages                    = {203--217},
  Volume                   = {18},

  Bibsource                = {DBLP, http://dblp.uni-trier.de},
  Doi                      = {10.3233/SPR-2011-0305}
}

@InProceedings{Shirako11,
  Title                    = {The design and implementation of the {Habanero-Java} parallel
 programming language},
  Author                   = {Zoran Budimlic and
 Vincent Cav{\'e} and
 Raghavan Raman and
 Jun Shirako and
 Sagnak Tasirlar and
 Jisheng Zhao and
 Vivek Sarkar},
  Booktitle                = {OOPSLA Companion},
  Year                     = {2011},
  Pages                    = {185--186},

  Bibsource                = {DBLP, http://dblp.uni-trier.de},
  Doi                      = {10.1145/2048147.2048198}
}

@InProceedings{CloudTypes,
  Title                    = {Cloud Types for Eventual Consistency},
  Author                   = {Sebastian Burckhardt and Manuel F{\"a}hndrich and Daan
 Leijen and Benjamin P. Wood},
  Booktitle                = {ECOOP},
  Year                     = {2012},
  Pages                    = {283--307},
  Publisher                = {Springer},
  Volume                   = {7313}
}

@InCollection{Burke11,
  Title                    = {Concurrent Collections Programming Model},
  Author                   = {Michael G. Burke and
 Kathleen Knobe and
 Ryan Newton and
 Vivek Sarkar},
  Booktitle                = {Encyclopedia of Parallel Computing},
  Year                     = {2011},
  Pages                    = {364--371},

  Bibsource                = {DBLP, http://dblp.uni-trier.de},
  Doi                      = {10.1007/978-0-387-09766-4_238}
}

@InProceedings{Burmako2013,
  Title                    = {Scala Macros: Let Our Powers Combine!: On How Rich Syntax and Static Types Work with Metaprogramming},
  Author                   = {Burmako, E.},
  Booktitle                = {Scala'13},
  Year                     = {2013}
}

@InProceedings{Burmako2012,
  Title                    = {Scala Macros, a Technical Report},
  Author                   = {Burmako, E. and Odersky, M.},
  Booktitle                = {Third International Valentin Turchin Workshop on Metacomputation},
  Year                     = {2012}
}

@InProceedings{CardelliDJKN89,
  Title                    = {The Modula-3~{T}ype System},
  Author                   = {Luca Cardelli and James E. Donahue and Mick J. Jordan
 and Bill Kalsow and Greg Nelson},
  Booktitle                = {POPL},
  Year                     = {1989},
  Pages                    = {202--212}
}

@InProceedings{Carpenter1999,
  Title                    = {Object Serialization for Marshalling Data in a {Java} Interface to {MPI}},
  Author                   = {Bryan Carpenter and Geoffrey Fox and Sung Hoon Ko and Sang Lim},
  Booktitle                = {Java Grande},
  Year                     = {1999},
  Pages                    = {66--71}
}

@InProceedings{OOGP,
  Title                    = {Weaving Generic Programming and Traversal Performance},
  Author                   = {Chadwick, B. and Lieberherr, K.},
  Booktitle                = {AOSD'10},
  Year                     = {2010}
}

@InProceedings{DataParallelHaskell,
  Title                    = {{Data Parallel Haskell}: A Status Report},
  Author                   = {Chakravarty, Manuel M. T. and Leshchinskiy, Roman and Peyton Jones, Simon and Keller, Gabriele and Marlow, Simon},
  Booktitle                = {Proc. DAMP Workshop},
  Year                     = {2007},
  Pages                    = {10--18},
  Publisher                = {ACM},

  Numpages                 = {9}
}

@Article{Chambers10,
  Title                    = {{FlumeJava}: easy, efficient data-parallel pipelines},
  Author                   = {Craig Chambers and Ashish Raniwala and Frances Perry
 and Stephen Adams and Robert R. Henry and Robert
 Bradshaw and Nathan Weizenbaum},
  Journal                  = {ACM SIG{\-}PLAN Notices},
  Year                     = {2010},

  Month                    = Jun,
  Number                   = {6},
  Pages                    = {363--375},
  Volume                   = {45}
}

@InProceedings{FlumeJava,
  Title                    = {FlumeJava: easy, efficient data-parallel pipelines},
  Author                   = {Craig Chambers and
 Ashish Raniwala and
 Frances Perry and
 Stephen Adams and
 Robert R. Henry and
 Robert Bradshaw and
 Nathan Weizenbaum},
  Booktitle                = {PLDI},
  Year                     = {2010},
  Pages                    = {363--375}
}

@Article{Lineage2,
  Title                    = {Provenance in Databases: Why, How, and Where},
  Author                   = {James Cheney and
 Laura Chiticariu and
 Wang Chiew Tan},
  Journal                  = {Foundations and Trends in Databases},
  Year                     = {2009},
  Number                   = {4},
  Pages                    = {379--474},
  Volume                   = {1}
}

@InProceedings{SemanticTypeQualifiers,
  Title                    = {Semantic Type Qualifiers},
  Author                   = {Chin, Brian and Markstrum, Shane and Millstein, Todd},
  Booktitle                = {PLDI'05},
  Year                     = {2005},
  Pages                    = {85--95},

  Numpages                 = {11}
}

@InCollection{GenericHaskell,
  Title                    = {Generic Haskell, Specifically},
  Author                   = {Clarke, D. and L{\"o}h, A.},
  Booktitle                = {Generic Programming},
  Publisher                = {Kluwer Academic Publishers},
  Year                     = {2003},
  Editor                   = {J. Gibbons and J. Jeuring},
  Pages                    = {21--47},
  Series                   = {IFIP},

  Pubcat                   = {bookchapter}
}

@TechReport{Nova,
  Title                    = {{NOVA}: A Functional Language for Data Parallelism},
  Author                   = {Alex Collins and Dominik Grewe and Vinod Grover and Sean Lee and Adriana Susnea},
  Institution              = {NVIDIA Corporation},
  Year                     = {2013},
  Month                    = jul,
  Number                   = {NVR-2013-002}
}

@Article{Elm,
  Title                    = {Elm: Concurrent FRP for Functional GUIs},
  Author                   = {Czaplicki, Evan},
  Journal                  = {Senior thesis, Harvard University},
  Year                     = {2012}
}

@Article{MapReduce,
  Title                    = {MapReduce: simplified data processing on large clusters},
  Author                   = {Jeffrey Dean and
 Sanjay Ghemawat},
  Journal                  = {Commun. {ACM}},
  Year                     = {2008},
  Number                   = {1},
  Pages                    = {107--113},
  Volume                   = {51}
}

@InProceedings{AmbientTalk,
  Title                    = {Ambient-oriented programming in ambienttalk},
  Author                   = {Dedecker, Jessie and Van Cutsem, Tom and Mostinckx, Stijn and D{\quotesinglbase}{\"{A}}{\^{o}}Hondt, Theo and De Meuter, Wolfgang},
  Booktitle                = {ECOOP},
  Year                     = {2006},
  Pages                    = {230--254},
  Publisher                = {Springer}
}

@InProceedings{DietlChecker,
  Title                    = {Building and Using Pluggable Type-checkers},
  Author                   = {Dietl, Werner and Dietzel, Stephanie and Ernst, Michael D. and Mu\c{s}lu, Kivan\c{c} and Schiller, Todd W.},
  Booktitle                = {ICSE'11},
  Year                     = {2011},
  Pages                    = {681--690},

  Numpages                 = {10}
}

@PhdThesis{Dubochet2011,
  Title                    = {Embedded Domain-Specific Languages using Libraries and Dynamic Metaprogramming},
  Author                   = {Gilles Dubochet},
  School                   = {EPFL, Switzerland},
  Year                     = {2011}
}

@InProceedings{Elsman2005,
  Title                    = {Type-specialized serialization with sharing},
  Author                   = {Martin Elsman},
  Booktitle                = {Trends in Functional Programming},
  Year                     = {2005},
  Pages                    = {47--62}
}

@InProceedings{Match,
  Title                    = {Matching Objects with Patterns},
  Author                   = {Emir, B. and Odersky, M. and Williams, J.},
  Booktitle                = {ECOOP'07},
  Year                     = {2007}
}

@InProceedings{CloudHaskell,
  Title                    = {Towards Haskell in the cloud},
  Author                   = {Jeff Epstein and
 Andrew P. Black and
 Simon L. Peyton Jones},
  Booktitle                = {Haskell Symposium},
  Year                     = {2011},
  Pages                    = {118--129}
}

@InProceedings{SugarJ,
  Title                    = {{SugarJ}: Library-based Syntactic Language Extensibility},
  Author                   = {Erdweg, Sebastian and Rendel, Tillmann and K\"{a}stner, Christian and Ostermann, Klaus},
  Booktitle                = {OOSPLA'11},
  Year                     = {2011},

  Numpages                 = {16}
}

@InProceedings{Eriksen2013,
  Title                    = {Your Server As a Function},
  Author                   = {Eriksen, Marius},
  Booktitle                = {Proceedings of the Seventh Workshop on Programming Languages and Operating Systems},
  Year                     = {2013},

  Address                  = {New York, NY, USA},
  Pages                    = {5:1--5:7},
  Publisher                = {ACM},
  Series                   = {PLOS '13},

  Acmid                    = {2525538},
  Articleno                = {5},
  Doi                      = {10.1145/2525528.2525538},
  ISBN                     = {978-1-4503-2460-1},
  Location                 = {Farmington, Pennsylvania},
  Numpages                 = {7},
  Url                      = {http://doi.acm.org/10.1145/2525528.2525538}
}

@InProceedings{TwitterFutures,
  Title                    = {Twitter {F}inagle: Futures},
  Author                   = {Marius Eriksen and
 Nick Kallen},
  Note                     = {See \texttt{http://twitter.github.com/finagle/}}
}

@InCollection{Flanagan93,
  Title                    = {The Essence of Compiling with Continuations},
  Author                   = {Cormac Flanagan and Amr Sabry and Bruce F. Duba and
 Matthias Felleisen},
  Booktitle                = {PLDI},
  Publisher                = {ACM},
  Year                     = {1993},
  Pages                    = {237--247}
}

@InProceedings{Wise76,
  Title                    = {The Impact of Applicative Programming on Multiprocessing},
  Author                   = {Daniel Friedman and
 David Wise},
  Booktitle                = {International Conference on Parallel Processing},
  Year                     = {1976}
}

@Book{Gamma1995,
  Title                    = {Design Patterns: Elements of Reusable Object-Oriented Software},
  Author                   = {Erich Gamma and Richard Helm and Ralph Johnson and John Vlissides},
  Publisher                = {Addison-Wesley},
  Year                     = {1995}
}

@Article{Gelernter85,
  Title                    = {Generative Communication in {Linda}},
  Author                   = {David Gelernter},
  Journal                  = {ACM Transactions on Programming Languages and
 Systems},
  Year                     = {1985},

  Month                    = Jan,
  Number                   = {1},
  Pages                    = {80--112},
  Volume                   = {7}
}

@InProceedings{TermiteScheme,
  Title                    = {Concurrency oriented programming in {Termite Scheme}},
  Author                   = {Guillaume Germain},
  Booktitle                = {Erlang Workshop},
  Year                     = {2006},
  Pages                    = {20},
  Publisher                = {ACM}
}

@InProceedings{DGPGibbons,
  Title                    = {Design Patterns As Higher-order Datatype-generic Programs},
  Author                   = {Gibbons, J.},
  Booktitle                = {WGP '06},
  Year                     = {2006}
}

@InProceedings{Gil2008,
  Title                    = {Whiteoak: introducing structural typing into {Java}},
  Author                   = {Joseph Gil and Itay Maman},
  Booktitle                = {OOPSLA},
  Year                     = {2008},
  Editor                   = {Gail E. Harris},
  Pages                    = {73--90}
}

@Misc{JavaLambdas,
  Title                    = {{JSR} 335: Lambda Expressions for the {Java} Programming Language},

  Author                   = {Brian Goetz},
  Year                     = {2013}
}

@Misc{JavaLambdaTranslation,
  Title                    = {Translation of Lambda Expressions},

  Author                   = {Brian Goetz},
  HowPublished             = {\url{http://cr.openjdk.java.net/~briangoetz/lambda/lambda-translation.html}},
  Year                     = {2012},

  Number                   = {April},
  Type                     = {Article}
}

@Misc{Protobuf,
  Title                    = {{Protocol Buffers}},

  Author                   = {{Google}},
  HowPublished             = {\url{https://code.google.com/p/protobuf/}},
  Note                     = {Accessed: 2013-08-11},
  Year                     = {2008}
}

@InProceedings{HallerO10,
  Title                    = {Capabilities for Uniqueness and Borrowing},
  Author                   = {Philipp Haller and Martin Odersky},
  Booktitle                = {ECOOP},
  Year                     = {2010},
  Editor                   = {Theo D'Hondt},
  Pages                    = {354--378}
}

@Article{ScalaActors,
  Title                    = {Scala actors: Unifying thread-based and event-based programming},
  Author                   = {Haller, Philipp and Odersky, Martin},
  Journal                  = {Theoretical Computer Science},
  Year                     = {2009},
  Number                   = {2},
  Pages                    = {202--220},
  Volume                   = {410},

  Publisher                = {Elsevier}
}

@Article{Futures,
  Title                    = {Futures and promises},
  Author                   = {Haller, Philipp and Prokopec, Aleksandar and Miller, Heather and Klang, Viktor and Kuhn, Roland and Jovanovic, Vojin},
  Journal                  = {\url{http://docs.scala-lang.org/overviews/core/futures.html}},
  Year                     = {2012}
}

@InProceedings{SIP14,
  Title                    = {Scala Improvement Proposal: Futures and Promises ({SIP}-14)},
  Author                   = {Philipp Haller and Aleksandar Prokopec and Heather Miller and Viktor Klang and Roland Kuhn and Vojin Jovanovic},
  Year                     = {2012},
  Note                     = {See \texttt{http://docs.scala-lang.org/sips/pending/futures-promises.html}}
}

@Article{Halstead85,
  Title                    = {Multi{LISP}: {A} Language for Concurrent Symbolic Computation},
  Author                   = {Jr. R. H. Halstead},
  Journal                  = {ACM Trans. Prog. Lang. and Sys.},
  Year                     = {1985},

  Month                    = Oct,
  Number                   = {4},
  Pages                    = {501--538},
  Volume                   = {7}
}

@InProceedings{DistributedOz,
  Title                    = {An Overview of the Design of Distributed Oz},
  Author                   = {Haridi, Seif and Van Roy, Peter and Smolka, Gert},
  Booktitle                = {Proceedings of the Second International Symposium on Parallel Symbolic Computation},
  Year                     = {1997},

  Address                  = {New York, NY, USA},
  Pages                    = {176--187},
  Publisher                = {ACM},
  Series                   = {PASCO '97},

  Location                 = {Maui, Hawaii, USA},
  Numpages                 = {12}
}

@InProceedings{TypedActors,
  Title                    = {Typecasting actors: from Akka to {TAkka}},
  Author                   = {He, Jiansen and Wadler, Philip and Trinder, Philip},
  Booktitle                = {Scala},
  Year                     = {2014},
  Pages                    = {23--33},
  Series                   = {SCALA '14},

  ISBN                     = {978-1-4503-2868-5},
  Location                 = {Uppsala, Sweden},
  Numpages                 = {11}
}

@InProceedings{Hewitt77,
  Title                    = {The incremental garbage collection of processes},
  Author                   = {Henry C. Baker, Jr. and
 Carl Hewitt},
  Booktitle                = {Proc. Symp. on Art. Int. and Prog. Lang.},
  Year                     = {1977}
}

@InProceedings{RiverTrail,
  Title                    = {River trail: a path to parallelism in {JavaScript}},
  Author                   = {Stephan Herhut and Richard L. Hudson and Tatiana
 Shpeisman and Jaswanth Sreeram},
  Booktitle                = {OOPSLA},
  Year                     = {2013},
  Pages                    = {729--744}
}

@InProceedings{Herlihy90,
  Title                    = {A Methodology for Implementing Highly Concurrent Data Structures},
  Author                   = {Maurice Herlihy},
  Booktitle                = {PPoPP},
  Year                     = {1990},
  Pages                    = {197--206}
}

@Article{HerlihyL82,
  Title                    = {A Value Transmission Method for Abstract Data Types},
  Author                   = {Maurice Herlihy and Barbara Liskov},
  Journal                  = {ACM Trans. Program. Lang. Syst},
  Year                     = {1982},
  Number                   = {4},
  Pages                    = {527--551},
  Volume                   = {4}
}

@Book{Herlihy08,
  Title                    = {The Art of Multiprocessor Programming},
  Author                   = {Maurice Herlihy and Nir Shavit},
  Year                     = {2008},
  Month                    = Apr,

  ISBN                     = {0123705916}
}

@Article{HerlihyWing90,
  Title                    = {Linearizability: {A} Correctness Condition for Concurrent Objects},
  Author                   = {Maurice Herlihy and Jeannette M. Wing},
  Journal                  = {ACM Transactions on Programming Languages and Systems},
  Year                     = {1990},

  Month                    = Jul,
  Number                   = {3},
  Pages                    = {463--492},
  Volume                   = {12}
}

@InProceedings{Clojure,
  Title                    = {The Clojure Programming Language},
  Author                   = {Hickey, Rich},
  Booktitle                = {DLS},
  Year                     = {2008},
  Organization             = {ACM},
  Pages                    = {1}
}

@InCollection{ComparingGPHaskellHinze,
  Title                    = {Comparing Approaches to Generic Programming in {Haskell}},
  Author                   = {Hinze, R. and Jeuring, J. and Loeh, A.},
  Booktitle                = {Datatype-Generic Programming},
  Publisher                = {Springer Berlin/Heidelberg},
  Year                     = {2007},
  Volume                   = {4719},

  Location                 = {Nottingham, UK}
}

@InProceedings{SessionTypes,
  Title                    = {Language Primitives and Type Discipline for Structured Communication-Based
 Programming},
  Author                   = {Kohei Honda and
 Vasco Thudichum Vasconcelos and
 Makoto Kubo},
  Booktitle                = {ESOP},
  Year                     = {1998},
  Pages                    = {122--138}
}

@Article{Igarashi2001,
  Title                    = {Featherweight {Java}: a minimal core calculus for
 {Java} and {GJ}},
  Author                   = {Atsushi Igarashi and Benjamin C. Pierce and Philip
 Wadler},
  Journal                  = {ACM Trans. Program. Lang. Syst},
  Year                     = {2001},

  Month                    = may,
  Number                   = {3},
  Pages                    = {396--450},
  Volume                   = {23}
}

@Article{SchererLS09,
  Title                    = {Scalable synchronous queues},
  Author                   = {William N. Scherer III and
 Doug Lea and
 Michael L. Scott},
  Journal                  = {Commun. ACM},
  Year                     = {2009},
  Number                   = {5},
  Pages                    = {100--111},
  Volume                   = {52},

  Bibsource                = {DBLP, http://dblp.uni-trier.de},
  Doi                      = {10.1145/1506409.1506431}
}

@Book{CplusplusLambas,
  Title                    = {Programming Languages {\quotesinglbase}{\"{A}}{\`{\i}} C++},
  Author                   = {{International Standard ISO/IEC 14882:2011}},
  Publisher                = {International Organization for Standards},
  Year                     = {2011}
}

@Book{ISISOIEC2011,
  Title                    = {Programming Languages -- C++},
  Author                   = {{International Standard ISO/IEC 14882:2011}},
  Publisher                = {International Organization for Standards},
  Year                     = {2011}
}

@InProceedings{Dryad,
  Title                    = {Dryad: distributed data-parallel programs from sequential building
 blocks},
  Author                   = {Michael Isard and
 Mihai Budiu and
 Yuan Yu and
 Andrew Birrell and
 Dennis Fetterly},
  Booktitle                = {EuroSys},
  Year                     = {2007},
  Pages                    = {59--72}
}

@InProceedings{PolyPJansson,
  Title                    = {PolyP - a Polytypic Programming Language Extension},
  Author                   = {Jansson, P. and Jeuring, J.},
  Booktitle                = {POPL '97},
  Year                     = {1997}
}

@Article{AwkwardSquad,
  Title                    = {Tackling the Awkward Squad: Monadic Input/Output, Concurrency, Exceptions, and Foreign-Language Calls in Haskell},
  Author                   = {Jones, Simon Peyton},
  Journal                  = {Engineering Theories of Software Construction},
  Year                     = {2001},
  Pages                    = {47--96}
}

@InProceedings{Bocchino09,
  Title                    = {A type and effect system for deterministic parallel {Java}},
  Author                   = {Robert L. Bocchino Jr. and
 Vikram S. Adve and
 Danny Dig and
 Sarita V. Adve and
 Stephen Heumann and
 Rakesh Komuravelli and
 Jeffrey Overbey and
 Patrick Simmons and
 Hyojin Sung and
 Mohsen Vakilian},
  Booktitle                = {OOPSLA},
  Year                     = {2009},
  Pages                    = {97--116},

  Bibsource                = {DBLP, http://dblp.uni-trier.de},
  Doi                      = {10.1145/1640089.1640097}
}

@Article{Kennedy2004,
  Title                    = {Pickler combinators},
  Author                   = {Andrew Kennedy},
  Journal                  = {J. Funct. Program.},
  Year                     = {2004},
  Number                   = {6},
  Pages                    = {727--739},
  Volume                   = {14}
}

@InProceedings{MulticoreClojureCaseStudy,
  Title                    = {Multi-core Parallelization in Clojure: A Case Study},
  Author                   = {Kraus, Johann M. and Kestler, Hans A.},
  Booktitle                = {Proceedings of the 6\textsuperscript{th} European Lisp Workshop},
  Year                     = {2009},

  Address                  = {New York, NY, USA},
  Pages                    = {8--17},
  Publisher                = {ACM},
  Series                   = {ELW '09},

  Acmid                    = {1562870},
  Doi                      = {10.1145/1562868.1562870},
  ISBN                     = {978-1-60558-539-0},
  Keywords                 = {ACM proceedings, Lisp, clustering, parallel programming},
  Location                 = {Genova, Italy},
  Numpages                 = {10}
}

@Misc{TypedAkka,
  Title                    = {Akka Typed -- between Session Types and the Actor Model},

  Author                   = {Kuhn, Roland},
  Month                    = {7},
  Note                     = {Curry On, Prague, Czech Republic},
  Year                     = {2015},

  Url                      = {http://www.slideshare.net/rolandkuhn/akka-typed-between-session-types-and-the-actor-model}
}

@InProceedings{LVars,
  Title                    = {LVars: Lattice-based Data Structures for Deterministic Parallelism},
  Author                   = {Kuper, Lindsey and Newton, Ryan R.},
  Booktitle                = {Proceedings of the 2Nd ACM SIGPLAN Workshop on Functional High-performance Computing},
  Year                     = {2013},

  Address                  = {New York, NY, USA},
  Pages                    = {71--84},
  Publisher                = {ACM},
  Series                   = {FHPC '13},

  ISBN                     = {978-1-4503-2381-9},
  Location                 = {Boston, Massachusetts, USA},
  Numpages                 = {14}
}

@InProceedings{LVarsFreezing,
  Title                    = {Freeze After Writing: Quasi-deterministic Parallel Programming with LVars},
  Author                   = {Kuper, Lindsey and Turon, Aaron and Krishnaswami, Neelakantan R. and Newton, Ryan R.},
  Booktitle                = {Proceedings of the 41st ACM SIGPLAN-SIGACT Symposium on Principles of Programming Languages},
  Year                     = {2014},

  Address                  = {New York, NY, USA},
  Pages                    = {257--270},
  Publisher                = {ACM},
  Series                   = {POPL '14},

  ISBN                     = {978-1-4503-2544-8},
  Location                 = {San Diego, California, USA},
  Numpages                 = {14}
}

@InProceedings{Lammel2004,
  Title                    = {Scrap more boilerplate: reflection, zips, and generalised casts},
  Author                   = {Ralf L{\"a}mmel and Simon L. Peyton Jones},
  Booktitle                = {ICFP},
  Year                     = {2004},
  Pages                    = {244--255}
}

@InProceedings{RetroactiveExtensibility,
  Title                    = {Software Extension and Integration with Type Classes},
  Author                   = {L\"{a}mmel, R. and Ostermann, K.},
  Booktitle                = {GPCE '06},
  Year                     = {2006}
}

@InProceedings{SYB,
  Title                    = {Scrap Your Boilerplate: A Practical Design Pattern for Generic Programming},
  Author                   = {L\"{a}mmel, R. and Peyton Jones, S.},
  Booktitle                = {TLDI'03},
  Year                     = {2003}
}

@InCollection{Lavender1996,
  Title                    = {Pattern Languages of Program Design 2},
  Author                   = {Lavender, R. Greg and Schmidt, Douglas C.},
  Publisher                = {Addison-Wesley Longman Publishing Co., Inc.},
  Year                     = {1996},

  Address                  = {Boston, MA, USA},
  Chapter                  = {Active Object: An Object Behavioral Pattern for Concurrent Programming},
  Editor                   = {Vlissides, John M. and Coplien, James O. and Kerth, Norman L.},
  Pages                    = {483--499},

  Numpages                 = {17}
}

@InProceedings{ForkJoin,
  Title                    = {A Java Fork/Join Framework},
  Author                   = {Lea, Doug},
  Booktitle                = {Proceedings of the ACM 2000 Conference on Java Grande},
  Year                     = {2000},

  Address                  = {New York, NY, USA},
  Pages                    = {36--43},
  Publisher                = {ACM},
  Series                   = {JAVA '00},

  Location                 = {San Francisco, California, USA},
  Numpages                 = {8}
}

@InProceedings{Lewis2000,
  Title                    = {Implicit Parameters: Dynamic Scoping with Static
 Types},
  Author                   = {Jeffrey R. Lewis and John Launchbury and Erik Meijer
 and Mark Shields},
  Booktitle                = {POPL},
  Year                     = {2000},
  Pages                    = {108--118}
}

@Book{DemeterBook,
  Title                    = {Adaptive Object Oriented Software: The Demeter Method with Propagation Patterns},
  Author                   = {K. J. Lieberherr},
  Publisher                = {PWS Publishing},
  Year                     = {1996}
}

@Misc{Kafka,
  Title                    = {Apachke Kafka},

  Author                   = {LinkedIn},
  HowPublished             = {\url{https://github.com/apache/kafka}},
  Year                     = {2015},

  Journal                  = {GitHub repository},
  Publisher                = {GitHub}
}

@InProceedings{PromisesLiskov,
  Title                    = {Promises: Linguistic Support for Efficient Asynchronous Procedure Calls in Distributed Systems},
  Author                   = {Liskov, B. and Shrira, L.},
  Booktitle                = {Proceedings of the ACM SIGPLAN 1988 Conference on Programming Language Design and Implementation},
  Year                     = {1988},
  Pages                    = {260--267},
  Publisher                = {ACM},
  Series                   = {PLDI '88},

  Location                 = {Atlanta, Georgia, USA},
  Numpages                 = {8}
}

@Article{Eden,
  Title                    = {Parallel functional programming in Eden},
  Author                   = {Loogen,Rita and Ortega-Mallen,Yolanda and Pena-Mari,Ricardo},
  Journal                  = {Journal of Functional Programming},
  Year                     = {2005},

  Month                    = may,
  Pages                    = {431--475},
  Volume                   = {15},

  ISSN                     = {1469-7653},
  Issue                    = {03},
  Numpages                 = {45}
}

@InProceedings{Maassen1999,
  Title                    = {An efficient implementation of {Java}'s remote method invocation},
  Author                   = {Jason Maassen and Rob van Nieuwpoort and Ronald Veldema and Henri E. Bal and Aske Plaat},
  Booktitle                = {PPOPP},
  Year                     = {1999},
  Month                    = aug,
  Pages                    = {173--182}
}

@InProceedings{MagalhaesDJL10,
  Title                    = {A generic deriving mechanism for {Haskell}},
  Author                   = {Jos{\'e} Pedro Magalh{\~a}es and Atze Dijkstra and
 Johan Jeuring and Andres L{\"o}h},
  Booktitle                = {Haskell},
  Year                     = {2010},
  Editor                   = {Jeremy Gibbons},
  Pages                    = {37--48}
}

@InProceedings{OptimizingDGP,
  Title                    = {Optimizing Generics Is Easy!},
  Author                   = {Magalh\~aes, J. P. and Holdermans, S. and Jeuring, J. and L\"{o}h, A.},
  Booktitle                = {PEPM '10},
  Year                     = {2010}
}

@InProceedings{HDPH,
  Title                    = {Implementing a High-Level Distributed-Memory Parallel
 {Haskell} in {Haskell}},
  Author                   = {Patrick Maier and Philip W. Trinder},
  Booktitle                = {IFL},
  Year                     = {2011},
  Pages                    = {35--50},
  Publisher                = {Springer},
  Volume                   = {7257},

  ISBN                     = {978-3-642-34406-0}
}

@InProceedings{HaskellPar,
  Title                    = {A Monad for Deterministic Parallelism},
  Author                   = {Marlow, Simon and Newton, Ryan and Peyton Jones, Simon},
  Booktitle                = {Proc. Haskell Symposium},
  Year                     = {2011},
  Pages                    = {71--82},
  Publisher                = {ACM},

  Location                 = {Tokyo, Japan},
  Numpages                 = {12}
}

@Misc{RustFunctions,
  Title                    = {Fn Types in {Rust}, Take 3},

  Author                   = {Matsakis, Niko},
  HowPublished             = {\url{http://smallcultfollowing.com/babysteps/blog/2013/10/10/fn-types-in-rust}},
  Year                     = {2013},

  Journal                  = {Baby Steps},
  Number                   = {October 10},
  Type                     = {Blog}
}

@InProceedings{ParallelClosures,
  Title                    = {Parallel Closures: {A} New Twist on an Old Idea},
  Author                   = {Nicholas D. Matsakis},
  Booktitle                = {HotPar},
  Year                     = {2012}
}

@Article{McKerns2012,
  Title                    = {Building a Framework for Predictive Science},
  Author                   = {Michael M. McKerns and
 Leif Strand and
 Tim Sullivan and
 Alta Fang and
 Michael A. G. Aivazis},
  Journal                  = {CoRR},
  Year                     = {2012},
  Volume                   = {abs/1202.1056},

  Ee                       = {http://arxiv.org/abs/1202.1056}
}

@InProceedings{Meijer,
  Title                    = {Confessions of a Used Programming Language Salesman},
  Author                   = {Meijer, Erik},
  Booktitle                = {OOPSLA},
  Year                     = {2007},

  Location                 = {Montreal, Quebec, Canada},
  Numpages                 = {18}
}

@InProceedings{Lasp,
  Title                    = {Lasp: A Language for Distributed, Coordination-free Programming},
  Author                   = {Meiklejohn, Christopher and Van Roy, Peter},
  Booktitle                = {Proceedings of the 17th International Symposium on Principles and Practice of Declarative Programming},
  Year                     = {2015},

  Address                  = {New York, NY, USA},
  Pages                    = {184--195},
  Publisher                = {ACM},
  Series                   = {PPDP '15},

  ISBN                     = {978-1-4503-3516-4},
  Location                 = {Siena, Italy},
  Numpages                 = {12}
}

@Article{Mellor87,
  Title                    = {Concurrent Queues: Practical Fetch-and-{$\Phi$} Algorithms},
  Author                   = {John M. Mellor-Crummey},
  Year                     = {1987},

  Booktitle                = {Technical Report}
}

@InProceedings{PLAdoption,
  Title                    = {Empirical Analysis of Programming Language Adoption},
  Author                   = {Meyerovich, Leo A. and Rabkin, Ariel S.},
  Booktitle                = {OOPSLA},
  Year                     = {2013},

  Location                 = {Indianapolis, Indiana, USA}
}

@InProceedings{Michael96,
  Title                    = {Simple, Fast, and Practical Non-Blocking and Blocking Concurrent Queue Algorithms},
  Author                   = {Maged M. Michael and Michael L. Scott},
  Booktitle                = {PODC},
  Year                     = {1996},
  Pages                    = {267--275}
}

@TechReport{SporesFormally,
  Title                    = {Spores, Formally},
  Author                   = {Heather Miller and Philipp Haller},
  Institution              = {Department of Computer Science, EPFL},
  Year                     = {2013},

  Address                  = {Lausanne, Switzerland},
  Month                    = dec,
  Number                   = {EPFL-REPORT-191240}
}

@InProceedings{ScalaPickling,
  Title                    = {Instant Pickles: Generating Object-oriented Pickler Combinators for Fast and Extensible Serialization},
  Author                   = {Miller, Heather and Haller, Philipp and Burmako, Eugene and Odersky, Martin},
  Booktitle                = {OOPSLA},
  Year                     = {2013},
  Pages                    = {183--202},

  Location                 = {Indianapolis, Indiana, USA},
  Numpages                 = {20}
}

@InProceedings{spores,
  Title                    = {Spores: A Type-Based Foundation for Closures in the Age of Concurrency and Distribution},
  Author                   = {Heather Miller and Philipp Haller and Martin Odersky},
  Booktitle                = {ECOOP},
  Year                     = {2014},
  Pages                    = {308--333},
  Publisher                = {Springer},
  Volume                   = {8586}
}

@InProceedings{Miller2014,
  Title                    = {Functional Programming For All! {Scaling} a {MOOC} for Students and Professionals Alike},
  Author                   = {Heather Miller and Philipp Haller and Lukas Rytz and Martin Odersky},
  Booktitle                = {ICSE},
  Year                     = {2014},
  Pages                    = {265--263},

  Location                 = {Hyderabad, India}
}

@PhdThesis{ELang,
  Title                    = {Robust composition: towards a unified approach to access control and concurrency control},
  Author                   = {Miller, Mark Samuel and Shapiro, Jonathan S},
  School                   = {Johns Hopkins University},
  Year                     = {2006}
}

@InCollection{Moir05,
  Title                    = {Concurrent Data Structures},
  Author                   = {Moir and Shavit},
  Booktitle                = {Handbook of Data Structures and Applications, Chapman \& Hall/CRC},
  Year                     = {2005},
  Editor                   = {Mehta and Sahni}
}

@InProceedings{OODGPMoors,
  Title                    = {An Object-oriented Approach to Datatype-generic Programming},
  Author                   = {Moors, A. and Piessens, F. and Joosen, W.},
  Booktitle                = {WGP '06},
  Year                     = {2006}
}

@Article{Morrisett1999,
  Title                    = {From system {F} to typed assembly language},
  Author                   = {J. Gregory Morrisett and David Walker and Karl Crary
 and Neal Glew},
  Journal                  = {ACM Trans. Program. Lang. Syst},
  Year                     = {1999},
  Number                   = {3},
  Pages                    = {527--568},
  Volume                   = {21}
}

@InProceedings{Tom7,
  Title                    = {Type-Safe Distributed Programming with {ML5}},
  Author                   = {Tom {Murphy VII} and Karl Crary and Robert Harper},
  Booktitle                = {TGC},
  Year                     = {2007},
  Pages                    = {108--123},
  Publisher                = {Springer},
  Volume                   = {4912},

  Doi                      = {10.1007/978-3-540-78663-4_9}
}

@InProceedings{GP,
  Title                    = {Generic Programming},
  Author                   = {Musser, D. R. and Stepanov, A. A.},
  Booktitle                = {ISAAC '88},
  Year                     = {1989}
}

@Misc{Storm,
  Title                    = {{Storm}},

  Author                   = {{Nathan Marz and James Xu and Jason Jackson et al.}},
  HowPublished             = {\url{http://storm-project.net/}},
  Note                     = {Accessed: 2013-08-11},
  Year                     = {2012}
}

@Misc{Kryo,
  Title                    = {{Kryo}},

  Author                   = {{Nathan Sweet}},
  HowPublished             = {\url{https://code.google.com/p/kryo/}},
  Note                     = {Accessed: 2013-08-11},
  Year                     = {2013}
}

@InProceedings{Cascaval09,
  Title                    = {Analytical Modeling of Pipeline Parallelism},
  Author                   = {Angeles G. Navarro and
 Rafael Asenjo and
 Siham Tabik and
 Calin Cascaval},
  Booktitle                = {PACT},
  Year                     = {2009},
  Pages                    = {281--290},

  Bibsource                = {DBLP, http://dblp.uni-trier.de},
  Doi                      = {10.1109/PACT.2009.28}
}

@Misc{Roslyn,
  Title                    = {The {Roslyn} Project: Exposing the {C\#} and {VB} compiler{\quotesinglbase}{\"{A}}{\^{o}}s code analysis},

  Author                   = {Karen Ng and Matt Warren and Peter Golde and Anders Hejlsberg},
  HowPublished             = {\url{http://msdn.microsoft.com/en-gb/hh500769}},
  Month                    = sep,
  Note                     = {Accessed: 2013-08-11},
  Year                     = {2012}
}

@Misc{Scoobi,
  Title                    = {Scoobi},

  Author                   = {NICTA},
  HowPublished             = {\url{https://github.com/nicta/scoobi}},
  Year                     = {2015},

  Journal                  = {GitHub repository},
  Publisher                = {GitHub}
}

@Misc{Norvig2012,
  Title                    = {Latency Numbers Every Programmer Should Know},

  Author                   = {Norvig, Peter and Dean, Jeff},
  HowPublished             = {\url{https://gist.github.com/jboner/2841832}},
  Year                     = {2012}
}

@Misc{ScalaSpec,
  Title                    = {The {Scala} language specification},

  Author                   = {Odersky, Martin},
  Year                     = {2013}
}

@InProceedings{ScalaCollections,
  Title                    = {Fighting bit Rot with Types (Experience Report: Scala
 Collections)},
  Author                   = {Odersky, M. and Moors, A.},
  Booktitle                = {IARCS'09},
  Year                     = {2009}
}

@Book{Odersky10,
  Title                    = {Programming in {Scala}},
  Author                   = {Martin Odersky and Lex Spoon and Bill Venners},
  Publisher                = {Artima Press},
  Year                     = {2010},

  Address                  = {Mountain View, CA}
}

@Book{Odersky2007,
  Title                    = {Programming in {Scala}},
  Author                   = {Martin Odersky and Lex Spoon and Bill Venners},
  Publisher                = {Artima Press},
  Year                     = {2007},

  Address                  = {Mountain View, CA}
}

@InProceedings{Odersky2005,
  Title                    = {Scalable component abstractions},
  Author                   = {Martin Odersky and Matthias Zenger},
  Booktitle                = {OOPSLA},
  Year                     = {2005},
  Editor                   = {Ralph E. Johnson and Richard P. Gabriel},
  Pages                    = {41--57}
}

@Article{ScalaGenericProgrammers,
  Title                    = {Scala for Generic Programmers},
  Author                   = {Oliveira, B. C. d. S. and Gibbons, J.},
  Journal                  = {Journal of Functional Programming},
  Year                     = {2010},
  Number                   = {3,4},
  Pages                    = {303--352},
  Volume                   = {20}
}

@InProceedings{Oliveira2010,
  Title                    = {Type classes as objects and implicits},
  Author                   = {Oliveira, B. C. d. S. and Moors, A. and Odersky, M.},
  Booktitle                = {OOPSLA'10},
  Year                     = {2010}
}

@Misc{JavaSerialization,
  Title                    = {{Java Object Serialization Specification}},

  Author                   = {{Oracle, Inc.}},
  HowPublished             = {\url{http://docs.oracle.com/javase/7/docs/platform/serialization/spec/serialTOC.html}},
  Note                     = {Accessed: 2013-08-11},
  Year                     = {2011}
}

@Misc{JDK7,
  Title                    = {{Java SE Development Kit 7}},

  Author                   = {{Oracle, Inc.}},
  HowPublished             = {\url{http://openjdk.java.net}},
  Year                     = {2011}
}

@InProceedings{DJ,
  Title                    = {{DJ}: {Dynamic} Adaptive Programming in {Java}},
  Author                   = {Orleans, D. and Lieberherr, K. J.},
  Booktitle                = {REFLECTION},
  Year                     = {2001},
  Publisher                = {Springer-Verlag}
}

@Misc{TwitterChill,
  Title                    = {{Twitter Chill}},

  Author                   = {{Oscar Boykin and Mike Gagnon and Sam Ritchie}},
  HowPublished             = {\url{https://github.com/twitter/chill}},
  Note                     = {Accessed: 2013-08-11},
  Year                     = {2012}
}

@InProceedings{OusterhoutSerialization,
  Title                    = {Making Sense of Performance in Data Analytics Frameworks},
  Author                   = {Kay Ousterhout and Ryan Rasti and Sylvia Ratnasamy and Scott Shenker and Byung-Gon Chun},
  Booktitle                = {12th USENIX Symposium on Networked Systems Design and Implementation (NSDI 15)},
  Year                     = {2015},

  Address                  = {Oakland, CA},
  Pages                    = {293--307},
  Publisher                = {USENIX Association},

  ISBN                     = {978-1-931971-218},
  Url                      = {https://www.usenix.org/conference/nsdi15/technical-sessions/presentation/ousterhout}
}

@InProceedings{PapiChecker,
  Title                    = {Practical Pluggable Types for {Java}},
  Author                   = {Papi, Matthew M. and Ali, Mahmood and Correa,Jr., Telmo Luis and Perkins, Jeff H. and Ernst, Michael D.},
  Booktitle                = {ISSTA'08},
  Year                     = {2008},

  Numpages                 = {12}
}

@Misc{Haskell,
  Title                    = {Haskell language and library specification},

  Author                   = {Peyton Jones, Simon},
  HowPublished             = {\url{https://wiki.haskell.org/Language_and_library_specification}},
  Year                     = {2014}
}

@InProceedings{ConcurrentHaskell,
  Title                    = {Concurrent Haskell},
  Author                   = {Peyton Jones, Simon and Gordon, Andrew and Finne, Sigbjorn},
  Booktitle                = {POPL},
  Year                     = {1996},
  Pages                    = {295--308},

  Location                 = {St. Petersburg Beach, Florida, USA},
  Numpages                 = {14}
}

@Article{Philippsen2000,
  Title                    = {More efficient serialization and {RMI} for {Java}},
  Author                   = {Michael Philippsen and Bernhard Haumacher and Christian Nester},
  Journal                  = {Concurrency - Practice and Experience},
  Year                     = {2000},
  Number                   = {7},
  Pages                    = {495--518},
  Volume                   = {12}
}

@Book{TAPL,
  Title                    = {Types and programming languages},
  Author                   = {Benjamin C. Pierce},
  Publisher                = {MIT Press},
  Year                     = {2002}
}

@Book{JavaRMI,
  Title                    = {Java.Rmi: The Remote Method Invocation Guide},
  Author                   = {Pitt, Esmond and McNiff, Kathy},
  Publisher                = {Addison-Wesley Longman Publishing Co., Inc.},
  Year                     = {2001},

  Address                  = {Boston, MA, USA},

  ISBN                     = {0201700433}
}

@InProceedings{ScalaParColls,
  Title                    = {A Generic Parallel Collection Framework},
  Author                   = {Aleksandar Prokopec and Phil Bagwell and Tiark Rompf
 and Martin Odersky},
  Booktitle                = {Euro-Par},
  Year                     = {2011},
  Pages                    = {136--147},
  Publisher                = {Springer},
  Volume                   = {6853},

  Location                 = {Bordeaux, France}
}

@InProceedings{FlowPools,
  Title                    = {FlowPools: {A} Lock-Free Deterministic Concurrent
 Dataflow Abstraction},
  Author                   = {Aleksandar Prokopec and Heather Miller and Tobias
 Schlatter and Philipp Haller and Martin Odersky},
  Booktitle                = {LCPC},
  Year                     = {2012},
  Pages                    = {158--173},
  Publisher                = {Springer}
}

@TechReport{Prokopec12,
  Title                    = {FlowPools: A Lock-Free Deterministic Concurrent Dataflow Abstraction-- Proofs},
  Author                   = {Aleksandar Prokopec and Heather Miller and Tobias Schlatter and Philipp Haller and Martin Odersky},
  Institution              = {EPFL},
  Year                     = {2012},

  Address                  = {Lausanne},
  Month                    = jun,
  Number                   = {EPFL-REPORT-181098}
}

@InProceedings{ReisS06,
  Title                    = {Specifying {C}++ concepts},
  Author                   = {Gabriel Dos Reis and Bjarne Stroustrup},
  Booktitle                = {POPL},
  Year                     = {2006},
  Editor                   = {J. Gregory Morrisett and Simon L. Peyton Jones},
  Pages                    = {295--308}
}

@Misc{Rocklin2013,
  Title                    = {Parallelism and Serialization: how poor pickling breaks multiprocessing},

  Author                   = {Matthew Rocklin},
  HowPublished             = {\url{http://matthewrocklin.com/blog/work/2013/12/05/Parallelism-and-Serialization/}},
  Year                     = {2013}
}

@InProceedings{ComparingGPHaskellRodriquez,
  Title                    = {Comparing Libraries for Generic Programming in {Haskell}},
  Author                   = {Rodriguez, A. and Jeuring, J. and Jansson, P. and Gerdes, A. and Kiselyov, O. and Oliveira, B. C. d. S.},
  Booktitle                = {Haskell'08},
  Year                     = {2008}
}

@InProceedings{DelimitedContinuations,
  Title                    = {Implementing first-class polymorphic delimited
 continuations by a type-directed selective
 {CPS}-transform},
  Author                   = {Tiark Rompf and Ingo Maier and Martin Odersky},
  Booktitle                = {ICFP},
  Year                     = {2009},
  Pages                    = {317--328},
  Publisher                = {ACM}
}

@Article{LMS,
  Title                    = {Lightweight modular staging: {A} pragmatic approach to
 runtime code generation and compiled {DSL}s},
  Author                   = {Tiark Rompf and Martin Odersky},
  Journal                  = {Commun. ACM},
  Year                     = {2012},
  Number                   = {6},
  Volume                   = {55}
}

@PhdThesis{Rossberg2007,
  Title                    = {Typed open programming: a higher-order, typed approach to dynamic modularity and distribution},
  Author                   = {Andreas Rossberg},
  School                   = {Saarland University},
  Year                     = {2007}
}

@Article{AliceML,
  Title                    = {Alice through the looking glass.},
  Author                   = {Rossberg, Andreas and Le Botlan, Didier and Tack, Guido and Brunklaus, Thorsten and Smolka, Gert},
  Journal                  = {Trends in Functional Programming},
  Year                     = {2004},
  Pages                    = {79--96},
  Volume                   = {5}
}

@InProceedings{HOTPickles,
  Title                    = {Status report: {HOT} pickles, and how to serve them},
  Author                   = {Andreas Rossberg and
 Guido Tack and
 Leif Kornstaedt},
  Booktitle                = {ML},
  Year                     = {2007},
  Pages                    = {25--36}
}

@InProceedings{Rossum07,
  Title                    = {Python Programming Language},
  Author                   = {Guido van Rossum},
  Booktitle                = {USENIX Annual Technical Conference},
  Year                     = {2007},
  Publisher                = {USENIX}
}

@Article{Roy99,
  Title                    = {Announcing the Mozart Programming System},
  Author                   = {Peter Van Roy},
  Journal                  = {SIGPLAN Notices},
  Year                     = {1999},
  Number                   = {4},
  Pages                    = {33--34},
  Volume                   = {34}
}

@Book{RoyH2004,
  Title                    = {Concepts, Techniques, and Models of Computer Programming},
  Author                   = {Peter Van Roy and
 Seif Haridi},
  Publisher                = {MIT Press},
  Year                     = {2004},

  Bibsource                = {DBLP, http://dblp.uni-trier.de},
  ISBN                     = {0-262-22069-5}
}

@InProceedings{S.Oliveira2010,
  Title                    = {Type classes as objects and implicits},
  Author                   = {Bruno C. d. S. Oliveira and Adriaan Moors and Martin Odersky},
  Booktitle                = {OOPSLA},
  Year                     = {2010},
  Pages                    = {341--360}
}

@InProceedings{Saraswat07,
  Title                    = {X10: concurrent programming for modern architectures},
  Author                   = {Vijay A. Saraswat and
 Vivek Sarkar and
 Christoph von Praun},
  Booktitle                = {PPOPP},
  Year                     = {2007},
  Pages                    = {271},

  Bibsource                = {DBLP, http://dblp.uni-trier.de},
  Doi                      = {10.1145/1229428.1229483}
}

@MastersThesis{DFPS,
  Title                    = {Distributed functional programming in {Scheme}},
  Author                   = {Alex Schwendner},
  School                   = {Massachusetts Institute of Technology},
  Year                     = {2009},

  Publisher                = {Massachusetts Institute of Technology},
  Subject                  = {Electrical Engineering and Computer Science.}
}

@InProceedings{AcuteML,
  Title                    = {Acute: high-level programming language design for distributed computation},
  Author                   = {Sewell, Peter and Leifer, James J and Wansbrough, Keith and Nardelli, Francesco Zappa and Allen-Williams, Mair and Habouzit, Pierre and Vafeiadis, Viktor},
  Booktitle                = {ACM SIGPLAN Notices},
  Year                     = {2005},
  Organization             = {ACM},
  Pages                    = {15--26},
  Volume                   = {40}
}

@TechReport{Shabalin2013,
  Title                    = {{Quasiquotes for Scala}},
  Author                   = {Shabalin, D. and Burmako, E. and Odersky, M.},
  Institution              = {EPFL, Switzerland},
  Year                     = {2013},
  Number                   = {EPFL-REPORT-185242}
}

@Article{Shapiro89,
  Title                    = {The Family of Concurrent Logic Programming Languages},
  Author                   = {E. Shapiro},
  Journal                  = {ACM Computing Surveys},
  Year                     = {1989},

  Month                    = Sep,
  Number                   = {3},
  Pages                    = {412},
  Volume                   = {21}
}

@TechReport{CRDTs1,
  Title                    = {{A comprehensive study of Convergent and Commutative Replicated Data Types}},
  Author                   = {Shapiro, Marc and Pregui{\c c}a, Nuno and Baquero, Carlos and Zawirski, Marek},
  Institution              = {{Inria -- Centre Paris-Rocquencourt}},
  Year                     = {2011},
  Month                    = Jan,
  Number                   = {RR-7506},
  Type                     = {Research Report},

  File                     = {techreport.pdf:https\://hal.inria.fr/inria-00555588/file/techreport.pdf:PDF},
  Keywords                 = {eventual consistency ; optimistic replication ; replicated data types ; distributed algorithms ; distributed systems ; Data replication ; commutative operations},
  Pages                    = {50},
  Url                      = {https://hal.inria.fr/inria-00555588}
}

@InProceedings{CRDTs2,
  Title                    = {Conflict-free Replicated Data Types},
  Author                   = {Shapiro, Marc and Pregui\c{c}a, Nuno and Baquero, Carlos and Zawirski, Marek},
  Booktitle                = {Proceedings of the 13th International Conference on Stabilization, Safety, and Security of Distributed Systems},
  Year                     = {2011},

  Address                  = {Berlin, Heidelberg},
  Pages                    = {386--400},
  Publisher                = {Springer-Verlag},
  Series                   = {SSS'11},

  ISBN                     = {978-3-642-24549-7},
  Location                 = {Grenoble, France},
  Numpages                 = {15}
}

@Article{Shavit11,
  Title                    = {Data structures in the multicore age},
  Author                   = {Nir Shavit},
  Journal                  = {Communications of the ACM},
  Year                     = {2011},
  Number                   = {3},
  Pages                    = {76--84},
  Volume                   = {54}
}

@InProceedings{template-haskell,
  Title                    = {Template metaprogramming for {Haskell}},
  Author                   = {Sheard, T. and Peyton Jones, S.},
  Booktitle                = {{Haskell '02}},
  Year                     = {2002}
}

@MastersThesis{Nemerle,
  Title                    = {Syntax-extending and type-reflecting macros in an object-oriented language},
  Author                   = {Kamil Skalski},
  School                   = {University of Warsaw},
  Year                     = {2005},

  Address                  = {Poland}
}

@InProceedings{StrnisaSP07,
  Title                    = {The {Java} module system: core design and semantic
 definition},
  Author                   = {Rok Strnisa and Peter Sewell and Matthew J.
 Parkinson},
  Booktitle                = {OOPSLA},
  Year                     = {2007},
  Pages                    = {499--514}
}

@Article{Tack2006,
  Title                    = {Generic Pickling and Minimization},
  Author                   = {Guido Tack and Leif Kornstaedt and Gert Smolka},
  Journal                  = {Electr. Notes Theor. Comput. Sci.},
  Year                     = {2006},
  Number                   = {2},
  Pages                    = {79--103},
  Volume                   = {148}
}

@Article{MetaML,
  Title                    = {Meta{ML} and multi-stage programming with explicit
 annotations},
  Author                   = {Walid Taha and Tim Sheard},
  Journal                  = {Theor. Comput. Sci},
  Year                     = {2000},
  Number                   = {1-2},
  Pages                    = {211--242},
  Volume                   = {248}
}

@InProceedings{Tasirlar11,
  Title                    = {Data-Driven Tasks and Their Implementation},
  Author                   = {Sagnak Tasirlar and
 Vivek Sarkar},
  Booktitle                = {ICPP},
  Year                     = {2011},
  Pages                    = {652--661},

  Bibsource                = {DBLP, http://dblp.uni-trier.de},
  Doi                      = {10.1109/ICPP.2011.87}
}

@Misc{Scalding,
  Title                    = {Scalding},

  Author                   = {Twitter},
  HowPublished             = {\url{https://github.com/twitter/scalding}},
  Year                     = {2015},

  Journal                  = {GitHub repository},
  Publisher                = {GitHub}
}

@Misc{Akka,
  Title                    = {{Akka}},

  Author                   = {Typesafe},
  HowPublished             = {\url{http://akka.io/}},
  Note                     = {Accessed: 2013-08-11},
  Year                     = {2009}
}

@Article{EveryBitCounts,
  Title                    = {Functional pearl: every bit counts},
  Author                   = {Vytiniotis, Dimitrios and Kennedy, Andrew J.},
  Journal                  = {SIGPLAN Not.},
  Year                     = {2010},

  Month                    = sep,
  Number                   = {9},
  Pages                    = {15--26},
  Volume                   = {45}
}

@InProceedings{WadlerTypeClasses,
  Title                    = {How to Make Ad-hoc Polymorphism Less Ad Hoc},
  Author                   = {Wadler, P. and Blott, S.},
  Booktitle                = {POPL '89},
  Year                     = {1989}
}

@InProceedings{ANoteDistComp,
  Title                    = {A Note on Distributed Computing},
  Author                   = {Jim Waldo and
 Geoff Wyant and
 Ann Wollrath and
 Samuel C. Kendall},
  Booktitle                = {MOS},
  Year                     = {1996},
  Pages                    = {49--64}
}

@Article{Wehr2011,
  Title                    = {Java{GI}: The Interaction of Type Classes with
 Interfaces and Inheritance},
  Author                   = {Stefan Wehr and Peter Thiemann},
  Journal                  = {ACM Trans. Program. Lang. Syst},
  Year                     = {2011},
  Number                   = {4},
  Pages                    = {12},
  Volume                   = {33}
}

@InProceedings{RepLib,
  Title                    = {RepLib: A Library for Derivable Type Classes},
  Author                   = {Weirich, S.},
  Booktitle                = {Haskell'06},
  Year                     = {2006}
}

@Article{Jaguar,
  Title                    = {Jaguar: enabling efficient communication and {I/O} in Java},
  Author                   = {Matt Welsh and
 David E. Culler},
  Journal                  = {Concurrency - Practice and Experience},
  Year                     = {2000},
  Number                   = {7},
  Pages                    = {519--538},
  Volume                   = {12}
}

@Article{Wright1994,
  Title                    = {A Syntactic Approach to Type Soundness},
  Author                   = {Andrew K. Wright and Matthias Felleisen},
  Journal                  = {Inf. Comput},
  Year                     = {1994},

  Month                    = nov,
  Number                   = {1},
  Pages                    = {38--94},
  Volume                   = {115},

  Owner                    = {hmiller},
  Timestamp                = {2015.07.13}
}

@InProceedings{Spark,
  Title                    = {Resilient Distributed Datasets: A Fault-Tolerant Abstraction for In-Memory Cluster Computing},
  Author                   = {Matei Zaharia and Mosharaf Chowdhury and Tathagata Das and Ankur Dave and Murphy McCauley and Michael Franklin and Scott Shenker and Ion Stoica},
  Booktitle                = {NSDI},
  Year                     = {2012},
  Publisher                = {USENIX}
}

@InProceedings{Zibin2010,
  Title                    = {Ownership and immutability in generic Java},
  Author                   = {Yoav Zibin and Alex Potanin and Paley Li and Mahmood
 Ali and Michael D. Ernst},
  Booktitle                = {OOPSLA},
  Year                     = {2010},
  Pages                    = {598--617},
  Publisher                = {ACM}
}
